
@misc{LevelDB,
  title={{LevelDB}},
  howpublished ={\url{https://code.google.com/p/leveldb}}
}

@misc{RocksDB,
  title={{RocksDB}},
  howpublished ={\url{http://rocksdb.org/}}
}

@misc{HBase,
  title={{Apache HBase}},
  howpublished ={\url{http://hbase.apache.org/}}
}

@misc{HyperLevelDB,
  title={{HyperLevelDB}},
  howpublished ={\url{https://github.com/rescrv/HyperLevelDB/}}
}


@misc{Uber,
  title={{Cherami: Uber Engineering’s Durable and Scalable Task Queue in Go}},
  howpublished ={\url{https://eng.uber.com/cherami/}},
  author={Uber},
  year={2016}
}


@article{chang2008bigtable,
  title={Bigtable: A distributed storage system for structured data},
  author={Chang, Fay and Dean, Jeffrey and Ghemawat, Sanjay and Hsieh, Wilson C and Wallach, Deborah A and Burrows, Mike and Chandra, Tushar and Fikes, Andrew and Gruber, Robert E},
  journal={ACM Transactions on Computer Systems (TOCS)},
  volume={26},
  number={2},
  pages={4},
  year={2008},
  publisher={ACM}
}

@article{o1996log,
  title={The log-structured merge-tree (LSM-tree)},
  author={O’Neil, Patrick and Cheng, Edward and Gawlick, Dieter and O’Neil, Elizabeth},
  journal={Acta Informatica},
  volume={33},
  number={4},
  pages={351--385},
  year={1996},
  publisher={Springer}
}

@inproceedings{zhu2008avoiding,
  title={Avoiding the Disk Bottleneck in the Data Domain Deduplication File System.},
  author={Zhu, Benjamin and Li, Kai and Patterson, R Hugo},
  booktitle={Fast},
  volume={8},
  pages={1--14},
  year={2008}
}

@inproceedings{armstrong2013linkbench,
  title={LinkBench: a database benchmark based on the Facebook social graph},
  author={Armstrong, Timothy G and Ponnekanti, Vamsi and Borthakur, Dhruba and Callaghan, Mark},
  booktitle={Proceedings of the 2013 ACM SIGMOD International Conference on Management of Data},
  pages={1185--1196},
  year={2013},
  organization={ACM}
}

@inproceedings{sumbaly2012serving,
  title={Serving large-scale batch computed data with project voldemort},
  author={Sumbaly, Roshan and Kreps, Jay and Gao, Lei and Feinberg, Alex and Soman, Chinmay and Shah, Sam},
  booktitle={Proceedings of the 10th USENIX conference on File and Storage Technologies},
  pages={18--18},
  year={2012},
  organization={USENIX Association}
}

@article{lu2017wisckey,
  title={WiscKey: Separating keys from values in SSD-conscious storage},
  author={Lu, Lanyue and Pillai, Thanumalayan Sankaranarayana and Gopalakrishnan, Hariharan and Arpaci-Dusseau, Andrea C and Arpaci-Dusseau, Remzi H},
  journal={ACM Transactions on Storage (TOS)},
  volume={13},
  number={1},
  pages={5},
  year={2017},
  publisher={ACM}
}

@inproceedings{wu2015lsm,
  title={LSM-trie: an LSM-tree-based ultra-large key-value store for small data},
  author={Wu, Xingbo and Xu, Yuehai and Shao, Zili and Jiang, Song},
  booktitle={Proceedings of the 2015 USENIX Conference on Usenix Annual Technical Conference},
  pages={71--82},
  year={2015},
  organization={USENIX Association}
}

@inproceedings{raju2017pebblesdb,
  title={PebblesDB: Building Key-Value Stores using Fragmented Log-Structured Merge Trees},
  author={Raju, Pandian and Kadekodi, Rohan and Chidambaram, Vijay and Abraham, Ittai},
  booktitle={Proceedings of the 26th Symposium on Operating Systems Principles},
  pages={497--514},
  year={2017},
  organization={ACM}
}

@inproceedings{putze2007cache,
  title={Cache-, hash-and space-efficient bloom filters},
  author={Putze, Felix and Sanders, Peter and Singler, Johannes},
  booktitle={International Workshop on Experimental and Efficient Algorithms},
  pages={108--121},
  year={2007},
  organization={Springer}
}



@inproceedings{cooper2010benchmarking,
  title={Benchmarking cloud serving systems with YCSB},
  author={Cooper, Brian F and Silberstein, Adam and Tam, Erwin and Ramakrishnan, Raghu and Sears, Russell},
  booktitle={Proceedings of the 1st ACM symposium on Cloud computing},
  pages={143--154},
  year={2010},
  organization={ACM}
}




@inproceedings{wang2014efficient,
  title={An efficient design and implementation of LSM-tree based key-value store on open-channel SSD},
  author={Wang, Peng and Sun, Guangyu and Jiang, Song and Ouyang, Jian and Lin, Shiding and Zhang, Chen and Cong, Jason},
  booktitle={Proceedings of the Ninth European Conference on Computer Systems},
  pages={16},
  year={2014},
  organization={ACM}
}


@inproceedings{shetty2013building,
  title={Building workload-independent storage with VT-trees.},
  author={Shetty, Pradeep and Spillane, Richard P and Malpani, Ravikant and Andrews, Binesh and Seyster, Justin and Zadok, Erez},
  booktitle={FAST},
  pages={17--30},
  year={2013}
}

@inproceedings{balmau2017triad,
  title={TRIAD: creating synergies between memory, disk and log in log structured key-value stores},
  author={Balmau, Oana Maria and Didona, Diego and Guerraoui, Rachid and Zwaenepoel, Willy and Yuan, Huapeng and Arora, Aashray and Gupta, Karan and Konka, Pavan},
  booktitle={USENIX ATC" 17},
  number={EPFL-CONF-228863},
  year={2017}
}
@inproceedings{dayan2017monkey,
  title={Monkey: Optimal navigable key-value store},
  author={Dayan, Niv and Athanassoulis, Manos and Idreos, Stratos},
  booktitle={Proceedings of the 2017 ACM International Conference on Management of Data},
  pages={79--94},
  year={2017},
  organization={ACM}
}
@inproceedings{balmau2017flodb,
  title={FloDB: Unlocking memory in persistent key-value stores},
  author={Balmau, Oana Maria and Guerraoui, Rachid and Trigonakis, Vasileios and Zablotchi, Mihail Igor},
  booktitle={EuroSys 2017},
  number={EPFL-CONF-227333},
  year={2017}
}
@article{yue2017building,
  title={Building an efficient put-intensive key-value store with skip-tree},
  author={Yue, Yinliang and He, Bingsheng and Li, Yuzhe and Wang, Weiping},
  journal={IEEE Transactions on Parallel and Distributed Systems},
  volume={28},
  number={4},
  pages={961--973},
  year={2017},
  publisher={IEEE}
}